@article{WaterRes,
  title={Model-parameter estimation using least squares},
  author={Pablo, B. Sáez and Rittmann, Bruce E.},
  journal={Water Research},
  volume={26},
  number={6},
  pages={789-196},
  year={1992}
}

@article{LaneSpline,
  title={Lane detection using spline model},
  author={Wang, Yue and Shen, Dinggang and Teoh, Khwang},
  journal={Pattern Recognition Letters 21 (2000)},
  volume={21},
  number={1},
  pages={677--689},
  year={2000},
  doi = {https://doi.org/10.1016/S0167-8655(00)00021-0}
}

@article{NonHolOpt,
author = {Kelly, Alonzo and Nagy, Bryan},
year = {2003},
month = {07},
pages = {583-602},
title = {Reactive Nonholonomic Trajectory Generation via Parametric Optimal Control},
volume = {22},
journal = {I. J. Robotic Res.},
doi = {10.1177/02783649030227008}
}

@article{TLSM,
  title={Total Least Mean Squares Algorithm},
  author={Feng, Da-Zheng and Bao, Zhen and Jiao, Li-Cheng},
  journal={IEEE Transactions on signal processing},
  volume={46},
  number={8},
  pages={1--10},
  year={1998}
}

@article{MultiVari,
  title={Model selection by sequentially normalized least squares},
  author={Rissanen, Jorma and Roos, Teemu and Myllymäki, Petri},
  journal={Journal of Multivariate Analysis},
  volume={101},
  issue={4},
  pages={839--849},
  year={2010}
}

@article{LMS,
  title={The Least-Mean-Square (LMS) Algorithm},
  author={Ramirez, Paulo Sergio Diniz},
  journal={Part of the The Kluwer International Series in Engineering and Computer Science book series:
  Adaptive Filtering},
  volume={694},
  number={1},
  pages={79--183},
  year={1998}
}

@article{TotHarmDist,
  title={Least Mean Squares and Recursive Least Squares Algorithms for Total Harmonic Distortion Reduction Using Shunt Active Power Filter Control},
  author={Martinek, Radek and Rzidky, Jaroslav and Jaros, Rene and others},
  journal={Energies},
  volume={12},
  number={8},
  pages={1--10},
  year={2019}
}

@article{LMSDelay,
  title={Analysis of the Least Mean Square algorithm with processing delays in the adaptive arm for Gaussian inputs for system identification},
  author={Bershad, Neil J. and Bermudez, Jose C.M.},
  journal={Signal Processing},
  volume={11},
  number={8},
  pages={1--10},
  year={2023}
}

@article{qLMS,
  title={The q-Least Mean Squares algorithm},
  author={Al-Saggaf, Ubaid M. and Moinuddin, Muhammad and Arif, Muhammad and others},
  journal={Signal Processing},
  volume={11},
  number={1},
  pages={50--60},
  year={2015}
}

@article{LDM,
  title={Curve Trajectory Model for Human Preferred Path Planning of Automated Vehicles},
  author={Igneczi, Gergo and Horvath, Erno and Toth, Roland and Nyilas, Krisztian},
  journal={Automotive Innovations},
  volume={1},
  number={1},
  pages={50--60},
  year={2023},
  doi = {https://doi.org/10.1007/s42154-023-00259-8}
}

@article{MEKFThesis,
  title={A modified extended kalman filter as a parameter estimator for linear discrete-time systems},
  author={Schnekenburger, Bruno Johannes},
  journal={New Jersey Institute of Technology, Electronic Thesis and Dissertation},
  year={1988}
}

@article{EKF_QualCont,
  title={Parameter estimation in Extended Kalman Filters for quality control in polymerization reactors},
  author={Semino, D. and Moretta, M. and Scali, C.},
  journal={Computers and Chemical Engineering},
  volume={20},
  number={2},
  pages={913--918},
  year={1996},
  doi = {https://doi.org/10.1016/0098-1354(96)00160-3}
}

@article{EKF_Kitandis,
  title={State and parameter estimation using extended Kitanidis Kalman filter},
  author={Varshney, Devyani and Bhushan, Mani and Patwardhan, Sachin C.},
  journal={Journal of Process Control},
  volume={76},
  number={1},
  pages={98--111},
  year={2019}
}

@article{EKF_Biochem,
  title={Extended Kalman Filter for Estimation of Parameters in Nonlinear State-Space Models of Biochemical Networks},
  author={Sun, Xiaodian and Jin, Li and Xiong, Momiao},
  journal={PLoS ONE},
  volume={3},
  number={11},
  pages={1--2},
  year={2023},
  doi = {https://doi.org/10.1371/journal.pone.0003758}
}

@article{EKF_Radar,
  title={Real-Time Parameter Estimation of a Dual-Pol Radar Rain Rate Estimator Using the Extended Kalman Filter},
  author={Na, Wooyoung and Yoo, Chulsang},
  journal={Remote Sens.},
  volume={13},
  number={12},
  pages={1--2},
  year={2021},
  doi = {DOI:10.3390/rs13122365}
}

@article{UKF_LPV,
  title={Continuous Identification of Driver Model Parameters via the Unscented Kalman Filter},
  author={Zhao, Yishen and Chevrel, Philippe and others},
  journal={IFAC-Papers Online},
  volume={52},
  number={28},
  pages={126--133},
  year={2019}
}

@article{LDMClustering,
  title = {Typification of Driver Models Using Clustering Methods},
  author={Igneczi, Gergo and Dobay, Tamas},
  journal = {Conference Proceedings of Maintainable Automotive Researches Conference},
  publisher = {Szechenyi Istvan University},
  address = {Gyor, Hungary},
  year = {14--16. June, 2023}
}

@article{EKFClothoids,
  title = {Stable Road Lane Model Based on Clothoids},
  author={Gackstatter, Christina and Heinemann, Patrick and others},
  journal = {Conference Proceedings of Advanced Microsystems for Automotive Applications},
  publisher = {Springer},
  address = {Berlin, Heidelberg},
  pages={133--143},
  year = {2010}
}

@article{KFOriginal,
    Author = {Kalman, Rudolph Emil},
    Title = {A New Approach to Linear Filtering and Prediction Problems},
    Journal = {Transactions of the ASME--Journal of Basic Engineering},
    Volume = {82},
    Number = {Series D},
    Pages = {35--45},
    Year = {1960}
}

@article{EKF_Improved,
    Author = {Li, Xin and Lei, Anzhi and others},
    Title = {Improving Kalman filter for cyber physical systems subject to replay attacks: An attack-detection-based compensation strategy},
    Journal = {Applied Mathematics and Computation},
    Volume = {466},
    Number = {128444},
    Pages = {1--14},
    Year = {2023}
}

@book{Clustering_Algos,
    author = {Hartigan, John A.},
    title = {Clustering Algorithms},
    year = {1975},
    isbn = {978-0-471-35645-5},
    publisher = {John Wiley \& Sons, Inc.},
    address = {605 Third Ave, New York, NY, USA},
    edition = {99th},
}

@article{Kmeans_Elbow,
    title = {Introduction to the K-Means Clustering Algorithm Based on the Elbow Method},
    author={Cui, M},
    journal = {Geoscience and Remote Sensing},
    Volume = {3},
    Pages = {9--16},
    year = {2020}
}

@book{Intro_Cluster_Analysis,
    author = {Kaufman, Leonard and Rousseeuw, Peter},
    year = {1990},
    month = {01},
    pages = {},
    title = {Finding Groups in Data: An Introduction To Cluster Analysis},
    isbn = {0-471-87876-6},
    journal = {Wiley, New York. ISBN 0-471-87876-6.},
    doi = {10.2307/2532178}
}

@techreport{UNECEWP29202081,
type = {Standard},
key = {ECE TRANS WP.29 2020 81},
month = June,
year = {2020},
title = {Proposal for a new UN Regulation on uniform provisions
concerning the approval of vehicles with regards to
Automated Lane Keeping System},
volume = {181},
address = {Geneva, CH},
institution = {United Narions Economic and Social Council}
}

@article{RisHom,
  title={The Theory of Risk Homeostasis: Implications for Safety and Health},
  author={Wilde, G. J. S.},
  journal={Risk Analysis},
  volume={2},
  number={4},
  pages={209--225},
  year={1982}
}

@article{FAN2022106661,
title = {A hybrid deep learning approach for driver anomalous lane changing identification},
journal = {Accident Analysis and Prevention},
volume = {171},
pages = {106661},
year = {2022},
issn = {0001-4575},
doi = {https://doi.org/10.1016/j.aap.2022.106661},
url = {https://www.sciencedirect.com/science/article/pii/S0001457522000975},
author = {Pengcheng Fan and Jingqiu Guo and Yibing Wang and Jasper S. Wijnands}
}

@article{GHASEMZADEH2018379,
title = {Utilizing naturalistic driving data for in-depth analysis of driver lane-keeping behavior in rain: Non-parametric MARS and parametric logistic regression modeling approaches},
journal = {Transportation Research Part C: Emerging Technologies},
volume = {90},
pages = {379-392},
year = {2018},
issn = {0968-090X},
doi = {https://doi.org/10.1016/j.trc.2018.03.018},
url = {https://www.sciencedirect.com/science/article/pii/S0968090X18303759},
author = {Ali Ghasemzadeh and Mohamed M. Ahmed}
}

@article{ZHOU2017609,
title = {A lane-change trajectory model from drivers’ vision view},
journal = {Transportation Research Part C: Emerging Technologies},
volume = {85},
pages = {609-627},
year = {2017},
issn = {0968-090X},
doi = {https://doi.org/10.1016/j.trc.2017.10.013},
url = {https://www.sciencedirect.com/science/article/pii/S0968090X17302851},
author = {Bin Zhou and Yunpeng Wang and Guizhen Yu and Xinkai Wu}
}

@article{ALI2023104182,
title = {Calibrating lane-changing models: Two data-related issues and a general method to extract appropriate data},
journal = {Transportation Research Part C: Emerging Technologies},
volume = {152},
pages = {104182},
year = {2023},
issn = {0968-090X},
doi = {https://doi.org/10.1016/j.trc.2023.104182},
url = {https://www.sciencedirect.com/science/article/pii/S0968090X23001717},
author = {Yasir Ali and Zuduo Zheng and Michiel C.J. Bliemer}
}

@article{AYDIN2020738,
title = {A new evaluation method to quantify drivers’ lane keeping behaviors on urban roads},
journal = {Transportation Letters},
volume = {12},
number = {10},
pages = {738-749},
year = {2020},
issn = {1942-7867},
doi = {https://doi.org/10.1080/19427867.2020.1821325},
url = {https://www.sciencedirect.com/science/article/pii/S1942786722000650},
author = {Metin Mutlu Aydin}
}

@article{app122211498,
AUTHOR = {Ding, Rui and Pan, Cunshu and Dai, Zhenhua and Xu, Jin},
TITLE = {Lateral Oscillation Characteristics of Vehicle Trajectories on the Straight Sections of Freeways},
JOURNAL = {Applied Sciences},
VOLUME = {12},
YEAR = {2022},
NUMBER = {22},
ARTICLE-NUMBER = {11498},
URL = {https://www.mdpi.com/2076-3417/12/22/11498},
ISSN = {2076-3417},
DOI = {10.3390/app122211498}
}

@article{SuObSi,
  title={Subjektive und objektive Sicherheit im Strassenverkehr als Aufgabe für die Verkehrssicherheitsarbeit},
  author={Klebersberg, D.},
  journal={Schriftenreihe der Deutschen Verkehrswacht},
  volume={1},
  number={5},
  pages={3--12},
  year={1971}
}

@book{CritVie,
  title={A Critical View of Driver Behavior Models:
  What do we know, what should we do?},
  author={Michon, John A.},
  publisher={University of Groningen, The Netherlands},
  year={1985}
}

@book{HuBehSfty,
  title={Human behavior and traffic safety},
  author={Evans, Leonard and Schwig, Richard C.},
  publisher={Plenum Press},
  address ={New York, NY},
  pages={485--520},
  year={1985}
}

@book{DrEdTaAn,
  author = {McKnight, J. A. and Adams, B. B.},
  year = {1970},
  title = {Driver Education Task Analysis},
  publisher = {Human Resources Research Organisation, Alexandria, Va.}
}

@book{Jannsen,
  author = {W.H, Janssen},
  year = {1979},
  title = {Routeplanning en geleiding: Een literatuurstudie. Report IZF},
  publisher = {C-13. Soesterberg (The Netherlands): Institute for Perception TNO}
}

@book{MPCWang,
  author = {Liuping Wang},
  year = {2009},
  title = {Model Predictive Control System Design and Implementation using Matlab},
  publisher = {Springer, Verlag},
  address = {London, UK},
  doi = {https://doi.org/10.1007/978-1-84882-331-0}
}

@article{Theeuwes,
  title={Visual selective attention: a theoretical analysis},
  author={J. Theeuwes},
  journal={Acta Psychologica},
  pages={93--154},
  volume={83},
  number={2},
  year={1993}
}

@article{TRB,
  title={TRB Workshop on Driver Models: A
Step Towards a Comprehensive Model
of Driving?},
  author={Cody, Delphine and Gordon, Timothy},
  journal={Modelling Driver
Behaviour in Automotive
Environments},
  pages={26--42},
  volume={1},
  number={1},
  year={2007}
}


@article{ContrTheoMod,
  title={A control theoretic model of driver steering behavior},
  author={Hess, R.A. and Modjtahedzadeh, A.},
  journal={IEEE Control Systems Magazine},
  pages={3--8},
  volume={10},
  number={5},
  year={1990},
  doi = {DOI: 10.1109/37.60415}
}

@article{LPVLate,
  title={LPV lateral control for ADAS based on driver performance monitoring},
  author={Medero, Ariel and Sename, Olivier and Puig, Vicenc},
  journal={IFAC PapersOnline},
  pages={685--690},
  volume={55},
  number={6},
  year={2022}
}

@article{TwoPoint,
  title={A two-point visual control model of steering},
  author={D Salvucci, Dario and Gray,Rob},
  journal={Perception},
  pages={1233--1248},
  volume={33},
  number={1},
  year={2004},
  doi = {DOI:10.1068/p5343}
}

@article{McAdam,
  title={An Optimal Preview Control for Linear Systems},
  author={C. C. McAdam},
  journal={Journal of Dynamic Systems, Measurement and Control},
  pages={188--190},
  volume={102},
  number={1},
  year={1980},
  doi = {https://hdl.handle.net/2027.42/65011}
}

@article{OptPlanner,
  title={An Optimized Trajectory Planner and Motion Controller Framework for Autonomous Driving in Unstructured Environments},
  author={Xiong, Lu and Fu, Zhiqiang and Zeng, Dequan and others},
  journal={Sensors},
  pages={1--16},
  volume={21},
  number={1},
  doi = {https://doi.org/10.3390/s21134409},
  year={2021}
}

@article{OptMultiMode,
  title={Multimodal trajectory optimization for motion planning},
  author={Osa, Takayuki},
  journal={The International Journal of Robotics Research},
  pages={983--1001},
  volume={39},
  number={1},
  doi = {https://doi.org/10.1177/0278364920918296},
  year={2020}
}

@article{OptDynamic,
  title={Dynamic motion planner with trajectory optimisation for automated highway lane-changing driving},
  author={Liu, Xiao and Liang, Jun and Zhang, Hua},
  journal={IET Intelligent Transport Systems},
  pages={2133--2140},
  volume={14},
  number={1},
  doi = {DOI:10.1049/iet-its.2020.0465},
  year={2022}
}

@article{ReinfLaneChange,
  title={A Novel Dynamic Lane-Changing Trajectory Planning Model for Automated Vehicles Based on Reinforcement Learning},
  author={Yu, Cenxin and Ni, Anning and Jing, Luo and others},
  journal={Journal of Advanced Transportation},
  pages={1--16},
  volume={1},
  number={1},
  doi = {DOI:10.1155/2022/8351543},
  year={2022}
}

@article{ReinfParking,
  title={Reinforcement Learning-Based Motion Planning for Automatic Parking System},
  author={Zhang, Jiren and Chen, Hui and Shaoyu, Song and others},
  journal={IEEE Access Computer Science},
  pages={154485--154486},
  volume={8},
  number={1},
  doi = {DOI: 10.1109/ACCESS.2020.3017770},
  year={2020}
}

@article{ReinfUncertain,
  title={Deep Reinforcement Learning Based Trajectory Planning Under Uncertain Constraints},
  author={Chen, Lienhung and Jiang, Zhonglian and Long, Cheng and others},
  journal={Frontiers in Neurorobotics},
  pages={1-10},
  volume={16},
  number={1},
  doi = {https://doi.org/10.3389/fnbot.2022.883562},
  year={2022}
}

@article{ReinfValid,
  title={A Human Factors Approach to Validating Driver Models for Interaction-aware Automated Vehicles},
  author={Olger, Siebinga and Arkady, Zgonnikov and Abbink., David},
  journal={ACM Transactions on Human-Robot Interaction},
  pages={1-21},
  volume={11},
  number={1},
  doi = {https://doi.org/10.1145/3538705},
  year={2022}
}

@article{Hybrid,
  title={Modeling and performance analysis of a hybrid driver model},
  author={U., Kiencke and R., Majjad and S., Kramer},
  journal={Control Engineering Practice},
  pages={985--991},
  volume={7},
  number={1},
  doi = {https://doi.org/10.1016/S0967-0661(99)00053-2},
  year={1999}
}

@article{BaeShuttleBus,
  title={Toward a Comfortable Driving Experience for a Self-Driving Shuttle Bus},
  author={I., Bae and J., Moon and J., Seo},
  journal={Electronics},
  pages={943--955},
  volume={9},
  number={1},
  doi = {DOI:10.3390/electronics8090943},
  year={2019}
}

@article{MpcSkilled,
  title={Model predictive driver model
considering the steering characteristics
of the skilled drivers},
  author={Jiang, Haobin and Tian, Huan and Hua, Yiding},
  journal={Advances in Mechanical Engineering},
  pages={1--14},
  volume={11},
  number={3},
  year={2019},
  doi = {DOI:10.1177/1687814019829337}
}

@article{MpcAdaptive,
  title={An adaptive lateral preview driver model},
  author={Peng, Huei and Ungoren, Ali Yigit},
  journal={Vehicle System Dynamics},
  pages={1--17},
  volume={1},
  number={1},
  year={2005},
  doi = {DOI:10.1080/00423110412331290419}
}

@article{WandCloud,
  title={Lateral control of autonomous vehicles based on learning driver behavior via cloud model},
  author={Hongbo, Gao and Guotao, Xie and others},
  journal={The Journal of China Universities of Posts and Telecommunications},
  pages={10--17},
  volume={24},
  number={2},
  year={2017}
}

@article{CLP,
  title={Cumulative lateral position: a new measure for driver performance in curves},
  author={Bongiorno, Nicola and Pellegrino, Orazio and others},
  journal={Traffic Safety Research},
  pages={20--34},
  volume={4},
  number={1},
  year={2022},
  doi = {DOI:10.55329/xmls1738}
}

@article{HumanLikePlannin,
  title={Human-Like Trajectory Planning on Curved Road: Learning From Human Drivers},
  author={Aoxue, Li and Haobin, Jiang and Zhaojian, Li  novel dynamic lane-changingand others},
  journal={IEEE Transactions on Intelligent Transportation Systems},
  pages={3388--3397},
  volume={21},
  number={1},
  year={2020},
  doi = {DOI:10.1109/TITS.2019.2926647}
}

@article{WandStoch,
  title={Behavioral investigation of stochastic lateral wandering patterns in mixed traffic flow},
  author={Qi, Hongsheng and Hu, Xianbiao},
  journal={Transportation Research Part C},
  pages={1--26},
  volume={4},
  number={1},
  year={2023},
  doi = {https://doi.org/10.1016/j.trc.2023.104310}
}

@article{PlanninSummary,
  title={Real-time motion planning methods for autonomous on-road
driving: State-of-the-art and future research directions},
  author={Christos, Katrakazas and Mohammed, Quddus and others},
  journal={Transportation Research Part C},
  pages={416--442},
  volume={4},
  number={1},
  year={2015},
  doi = {https://doi.org/10.1016/j.trc.2015.09.011}
}

@article{NovelPP,
  title={A Novel Pure Pursuit Algorithm for Autonomous
Vehicles Based on Salp Swarm Algorithm
and Velocity Controller},
  author={Wang, Rui and Li, Ying and others},
  journal={IEEE Access},
  pages={166525--166540},
  volume={1},
  number={1},
  year={2020}
}

@inproceedings{Cybernetic,
  title = {Human-like cybernetic driver model for lane keeping},
  journal = {IFAC Proceedings Volumes},
  volume = {44},
  number = {1},
  pages = {4368-4373},
  year = {2011},
  note = {18th IFAC World Congress},
  issn = {1474-6670},
  doi = {https://doi.org/10.3182/20110828-6-IT-1002.02349},
  author = {Louay Saleh and Philippe Chevrel and Franck Mars and Jean-François Lafay and Fabien Claveau},
}

@inproceedings{HumanLikeTrajectory,
  title={A Human-like Trajectory Planning Method by Learning from Naturalistic Driving Data},
  author={He, Xu and Xu, Donghao and Huijing, Zhao and others},
  booktitle={Proceedings of the IEEE Intelligent Vehicles Symposium (IV)},
  pages={1--6},
  year={2022},
  address={Suzhou, China},
  doi = {DOI: 10.1109/IVS.2018.8500448}
}

@inproceedings{OwnNodePoints,
  title={Node Point Optimization for Local Trajectory Planners based on Human Preferences},
  author={Gergo, Igneczi and Erno, Horvath},
  booktitle={IEEE 21st World Symposium on Applied Machine Intelligence and Informatics},
  pages={1--6},
  year={2023},
  address={Herlany, Slovakia}
}

@inproceedings{HumanLikeUrban,
  title={Toward human-like motion planning in urban environments},
  author={T., Gu and J.M., Dolan},
  booktitle={IEEE IV. Symposium on Intelligent Vehicle},
  pages={1--6},
  year={2014},
  address={Dearborn, USA},
  doi = {DOI: 10.1109/IVS.2014.6856493}
}

@inproceedings{OptMpc,
  title={Optimal Vehicle Dynamics Control for Combined Longitudinal and
Lateral Autonomous Vehicle Guidance},
  author={Katriniok, Alexander and Maschuw, Jan P. and others},
  booktitle={Proceedings of European Control Conference},
  pages={974--979},
  year={2013},
  address={Zürich, Switzerland},
  doi = {10.23919/ECC.2013.6669331}
}

@inproceedings{MultGoalPP,
  title={Novel Pure-Pursuit Trajectory Following Approaches and their Practical Applications},
  author={Erno, Horvath and Csaba, Hajdu and Peter, Koros},
  booktitle={Proceedings of the 10th IEEE International Conference on Cognitive Infocommunications},
  pages={1--6},
  year={2019},
  address={Naples, Italy}
}

@electronic{jkk_dataset_03,
  author = {Vehicle Research Center - University of Gyor},
  title = {Human-Like Behavior studies of Automated Vehicles (HLB4AV) Dataset},
  year = 2024,
  url = {https://jkk-research.github.io/dataset/jkk_dataset_03/},
  urldate = {2024-03-06},
  address={Gyor, Hungary}
}

@InProceedings{Clothoid,
author={Gackstatter, Christina
and Heinemann, Patrick
and others},
title={Stable Road Lane Model Based on Clothoids},
booktitle={Advanced Microsystems for Automotive Applications 2010},
year={2010},
publisher={Springer Berlin Heidelberg},
address={Berlin, Heidelberg},
pages={133--143},
doi = {https://doi.org/10.1007/978-3-642-16362-3_14}
}

@INPROCEEDINGS{PolyFirst,
  author={Papadimitriou, I. and Tomizuka, M.},
  booktitle={Proceedings of the 2003 American Control Conference, 2003.}, 
  title={Fast lane changing computations using polynomials}, 
  year={2003},
  volume={1},
  number={},
  pages={48--53},
  doi={10.1109/ACC.2003.1238912}}

@INPROCEEDINGS{ClothoidRoad,
  author={Fatemi, Maryam and Hammarstrand, Lars and others},
  booktitle={17th International IEEE Conference on Intelligent Transportation Systems (ITSC)}, 
  title={Road geometry estimation using a precise clothoid road model and observations of moving vehicles}, 
  year={2014},
  volume={},
  number={},
  pages={238--244},
  doi={10.1109/ITSC.2014.6957698}}

@book{PolyLineOrig,
  title={Continuous-Curvature Paths for Autonomous Vehicles},
  author={Nelson, Winston},
  publisher = {AT\&T Bell Laboratories},
  address = {Murray Hill, New Jersey, USA},
  year = {1984},
  doi = {DOI: 10.1109/ROBOT.1989.100153}
}